% !TeX encoding = ISO-8859-1
@article{article_1,
  author = 	 {Enrique Perez Saez},
  title = 	 {Terapia de Reminiscencia},
  month =	 jul,
  year = 	 2020,
  webpage = {https://blogcrea.imserso.es/terapia-de-reminiscencia/},
  lastaccess = {Septiembre, 2021},
}

@article{article_2,
 author = {A. Villarejo Galende and M. Eimil Ortiz and S.Llamas Velasco and M.Llanero Luque and C.LÃ³pez de Silanes de Miguel and C. Prieto Jurczynska},
 title = {Impacto social de la enfermedad de Alzheimer y otras demencias},
 month = feb,
 year = 2021,
 webpage = {https://www.sciencedirect.com/science/article/pii/S021348531730350X/},
 lastaccess = {Octubre, 2021},
}
